@inproceedings{sommerauer-etal-2019-towards,
        Address = {Wroclaw, Poland},
        Author = {Sommerauer, Pia and Fokkens, Antske and Vossen, Piek},
        Booktitle = {Proceedings of the 10th Global Wordnet Conference},
        Pages = {85--95},
        Title = {Towards Interpretable, Data-derived Distributional Semantic Representations for Reasoning: A Dataset of Properties and Concepts},
        Url = {https://clarin-pl.eu/dspace/handle/11321/718},
        Year = {2019},
        Bdsk-Url-1 = {https://clarin-pl.eu/dspace/handle/11321/718}}

@inproceedings{van-aggelen-etal-2019-larger,
        Address = {Turku, Finland},
        Author = {van Aggelen, Astrid and Fokkens, Antske and Hollink, Laura and van Ossenbruggen, Jacco},
        Booktitle = {Proceedings of the 22nd Nordic Conference on Computational Linguistics},
        Pages = {44--54},
        Publisher = {Link{\"o}ping University Electronic Press},
        Title = {A larger-scale evaluation resource of terms and their shift direction for diachronic lexical semantics},
        Url = {https://www.aclweb.org/anthology/W19-6105.pdf},
        Year = {2019},
        Bdsk-Url-1 = {https://www.aclweb.org/anthology/W19-6105.pdf}}
